@inproceedings{Hector09,
author = {Bravo, H\'{e}ctor Corrada and Wright, Stephen J. and Eng, Kevin H. and Keles, Sunduz and Wahba, Grace},
booktitle = {AISTATS},
pages = {41-48},
series = {JMLR Proceedings},
year= {2009},
title = {Estimating Tree-Structured Covariance Matrices via Mixed-Integer Programming.}
},

@article{lagrangian,
author = {Rush, Alexander M. and Collins, Michael},
title = {A Tutorial on Dual Decomposition and Lagrangian Relaxation for Inference in Natural Language Processing},
journal = {Journal of Artificial Intelligence Research },
year = {2012},
} 

